@article{netto2002,
  title={Realidade virtual-defini{\c{c}}{\~o}es, dispositivos e aplica{\c{c}}{\~o}es},
  author={Netto, Antonio Val{\'e}rio and Machado, L dos S and Oliveira, Maria Cristina Ferreira de},
  journal={Revista Eletr{\^o}nica de Inicia{\c{c}}{\~a}o Cient{\'\i}fica-REIC. Ano II},
  volume={2},
  pages={34},
  year={2002}
}

@article{rodrigues2013,
  title={Realidade virtual: conceitos, evolu{\c{c}}{\~a}o, dispositivos e aplica{\c{c}}{\~o}es},
  author={Rodrigues, Gessica Palhares and de Magalh{\~a}es Porto, Cristiane},
  journal={Interfaces Cient{\'\i}ficas-Educa{\c{c}}{\~a}o},
  volume={1},
  number={3},
  pages={97--109},
  year={2013}
}

@article{liberati2018,
  title={Phenomenology, pok{\'e}mon go, and other augmented reality games},
  author={Liberati, Nicola},
  journal={Human studies},
  volume={41},
  number={2},
  pages={211--232},
  year={2018},
  publisher={Springer}
}

@ONLINE{campin,
author = {ICHI.PRO},
title = {Um guia para iniciantes em fotografia pinhole},
month = Outubro,
year = {2020},
url = {https://ichi.pro/pt/um-guia-para-iniciantes-em-fotografia-pinhole-227036110024651}
}

@ONLINE{industry,
author = {Pollux},
title = {Realidade aumentada na indústria: o que está sendo feito?},
month = Março,
year = {2019},
url = {https://pollux.com.br/blog/realidade-aumentada-na-industria-o-que-esta-sendo-feito/}
}

@ONLINE{hololens,
author = {Microsoft},
title = {HoloLens2},
url = {https://www.microsoft.com/en-us/d/hololens-2/91pnzzznzwcp?activetab=pivot:overviewtab}
}

@ONLINE{tesla,
author = {Pocket-lint},
title = {O que é Tesla Autopilot e como funciona?},
month = Novembro,
year = {2020},
url = {https://www.pocket-lint.com/pt-br/carros/noticias/tesla/135584-o-que-e-tesla-autopilot-apresenta-o-que-ele-faz}
}

@ONLINE{pgo,
author = {START - UOL},
title = {Empresa de Pokémon Go quer criar metaverso da vida real, oposto ao Facebook},
month = Novembro,
year = {2021},
url = {https://www.pocket-lint.com/pt-br/carros/noticias/tesla/135584-o-que-e-tesla-autopilot-apresenta-o-que-ele-faz}
}